@book{df-book,
author = {Khedker, Uday and Sanyal, Amitabha and Karkare, Bageshri},
title = {Data Flow Analysis: Theory and Practice},
year = {2009},
isbn = {0849328802},
publisher = {CRC Press, Inc.},
address = {USA},
edition = {1st}
}

@book{compilers-book,
author = {Aho, Alfred V. and Lam, Monica S. and Sethi, Ravi and Ullman, Jeffrey D.},
title = {Compilers: Principles, Techniques, and Tools (2nd Edition)},
year = {2006},
isbn = {0321486811},
publisher = {Addison-Wesley Longman Publishing Co., Inc.},
address = {USA}
}

@book{ppa-book,
author = {Nielson, Flemming and Nielson, Hanne R. and Hankin, Chris},
title = {Principles of Program Analysis},
year = {2010},
isbn = {3642084745},
publisher = {Springer Publishing Company, Incorporated}
}